@misc{weka,
	author = "University of Waikato",
	title = "{Weka}",
	howpublished = "\url{http://www.cs.waikato.ac.nz/ml/weka/}"
}

@misc{dataminedhhs,
	howpublished = "\url{http://www.outflopped.com/questions/286/obfuscated-datamined-hand-histories}"
}

@misc{pa,
	author = "BioTools Inc.",
	title = "{Poker Academy Pro 2.5}",
	year = "2006",
	howpublished = "\url{http://www.poker-academy.com/}"
}

@misc{meer,
	author = "BioTools Inc.",
	title = "{Meerkat API 2.5}",
	year = "2006",
	howpublished = "\url{http://www.poker-academy.com/community.php}"
}

@misc{opentestbed,
	author = "schatzberg.dan@gmail.com and bluegaspode@googlemail.com",
	title = "{opentestbed}",
	howpublished = "\url{http://code.google.com/p/opentestbed/}"
}

@misc{mcts-erd,
	author = "Guy Van den Broeck and Kurt Driessens and Jan Ramon",
	title = "{Monte-Carlo Tree Search in Poker using Expected Reward Distributions}",
	year = "2009"
}

@mastersthesis{mcts-comp,
	title = "{Combining Monte-Carlo Tree Search and Opponent Modelling in Poker}",
	author = "G. E. H. Gerritsen",
	year = "2010",
	school = "Maastricht University"
}

@misc{mcts-iomp,
	title = "{Integrating Opponent Models with Monte-Carlo Tree Search in Poker}",
	author = "Marc Ponsen and Geert Gerritsen and Guillaume Chaslot",
	year = "2010"
}

@mastersthesis{mcts-omtc,
	title = "{Monte Carlo Tree Search and Opponent Modeling through Player Clustering in no-limit Texas Hold’em Poker}",
	author = "A. A. J. van der Kleij",
	year = "2010",
	school = "University of Groningen"
}

@misc{gametree,
	title = "{Game Tree}",
	howpublished = "\url{http://en.wikipedia.org/wiki/Game_tree}"
}

@article{recursivevariance,
	title = "{Recursive Calculation of the Standard Deviation with Increased Accuracy}",
	author = "H. R. Biesel",
	year = "1977",
	month = "April",
	journal = "Chromatographia",
	volume = "Vol. 10",
	number = "No. 4",
	pages = "173-175"
}

@misc{arff,
	title = "{ARFF}",
	author = "University of Waikato",
	howpublished = "\url{http://weka.wikispaces.com/ARFF}"
}

@misc{mcts-go,
	title = "{Monte-Carlo Tree Search}",
	year = "2010",
	author = "Guillaume Chaslot"
}

@misc{mcts-bg,
	title = "{Monte-Carlo Tree Search in Backgammon}",
	year = "2007",
	author = "Francois Van Lishout and Guillaume Chaslot and Jos Uiterwijk"
}

@misc{hypothesis,
	howpublished = "\url{http://en.wikipedia.org/wiki/Statistical_hypothesis_testing}"
}

@mastersthesis{vexbot,
	title = "{Opponent Modelling and Search in Poker}",
	author = "Terence Conrad Schauenberg",
	year = "2006",
	school = "University of Alberta"
}

@misc{psopti,
	title = "{Approximating Game-Theoretic Optimal Strategies for Full-scale Poker}",
	author = "D. Billings et al.",
	year = "2003"
}

@mastersthesis{poki,
	title = "{Opponent Modeling in Poker: Learning and Acting in a Hostile and Uncertain Environment}",
	year = "2002",
	author = "Aaron Davidson",
	school = "University of Alberta"
}

@mastersthesis{polaris,
	title = "{Robust Strategies and Counter-Strategies: Building a Champion Level Computer Poker Player}",
	author = "Michael Bradley Johanso",
	year = "2007",
	school = "University of Alberta"
}